% http://dblp.uni-trier.de/search?q=google

@inproceedings{DBLP:conf/sosp/GhemawatGL03,
  author    = {Sanjay Ghemawat and
               Howard Gobioff and
               Shun{-}Tak Leung},
  title     = {The {Google} file system},
  booktitle = {Proceedings of the 19th {ACM} Symposium on Operating Systems Principles
               2003, {SOSP} 2003, Bolton Landing, NY, USA, October 19-22, 2003},
  pages     = {29--43},
  year      = {2003},
  crossref  = {DBLP:conf/sosp/2003},
  url       = {http://doi.acm.org/10.1145/945445.945450},
  doi       = {10.1145/945445.945450},
  timestamp = {Mon, 22 Jun 2015 17:24:47 +0200},
  biburl    = {http://dblp.uni-trier.de/rec/bib/conf/sosp/GhemawatGL03},
  bibsource = {dblp computer science bibliography, http://dblp.org}
}

@proceedings{DBLP:conf/sosp/2003,
  editor    = {Michael L. Scott and
               Larry L. Peterson},
  title     = {Proceedings of the 19th {ACM} Symposium on Operating Systems Principles
               2003, {SOSP} 2003, Bolton Landing, NY, USA, October 19-22, 2003},
  publisher = {{ACM}},
  year      = {2003},
  url       = {http://doi.acm.org/10.1145/945445},
  doi       = {10.1145/945445},
  isbn      = {1-58113-757-5},
  timestamp = {Mon, 22 Jun 2015 17:24:47 +0200},
  biburl    = {http://dblp.uni-trier.de/rec/bib/conf/sosp/2003},
  bibsource = {dblp computer science bibliography, http://dblp.org}
}

@inproceedings{ghemawat2003google,
  title={The Google file system},
  author={Ghemawat, Sanjay and Gobioff, Howard and Leung, Shun-Tak},
  booktitle={ACM SIGOPS operating systems review},
  volume={37},
  number={5},
  pages={29--43},
  year={2003},
  organization={ACM}
}

@inproceedings{DBLP:conf/fast/NiaziIHDGR17,
  author    = {Salman Niazi and
               Mahmoud Ismail and
               Seif Haridi and
               Jim Dowling and
               Steffen Grohsschmiedt and
               Mikael Ronstr{\"{o}}m},
  title     = {HopsFS: Scaling Hierarchical File System Metadata Using NewSQL Databases},
  booktitle = {15th {USENIX} Conference on File and Storage Technologies, {FAST}
               2017, Santa Clara, CA, USA, February 27 - March 2, 2017},
  pages     = {89--104},
  year      = {2017},
  crossref  = {DBLP:conf/fast/2017},
  url       = {https://www.usenix.org/conference/fast17/technical-sessions/presentation/niazi},
  timestamp = {Tue, 28 Mar 2017 15:26:05 +0200},
  biburl    = {http://dblp.uni-trier.de/rec/bib/conf/fast/NiaziIHDGR17},
  bibsource = {dblp computer science bibliography, http://dblp.org}
}

@proceedings{DBLP:conf/fast/2017,
  editor    = {Geoff Kuenning and
               Carl A. Waldspurger},
  title     = {15th {USENIX} Conference on File and Storage Technologies, {FAST}
               2017, Santa Clara, CA, USA, February 27 - March 2, 2017},
  publisher = {{USENIX} Association},
  year      = {2017},
  url       = {https://www.usenix.org/conference/fast17},
  isbn      = {978-1-931971-36-2},
  timestamp = {Tue, 28 Mar 2017 15:25:43 +0200},
  biburl    = {http://dblp.uni-trier.de/rec/bib/conf/fast/2017},
  bibsource = {dblp computer science bibliography, http://dblp.org}
}

@article{shvachko2010hdfs,
  title={HDFS Scalability: The limits to growth},
  author={Shvachko, Konstantin V},
  journal={; login:: the magazine of USENIX \& SAGE},
  volume={35},
  number={2},
  pages={6--16},
  year={2010},
  publisher={USENIX Association}
}

@inproceedings{DBLP:conf/dais/NiaziIBD15,
  author    = {Salman Niazi and
               Mahmoud Ismail and
               Gautier Berthou and
               Jim Dowling},
  title     = {Leader Election Using NewSQL Database Systems},
  booktitle = {Distributed Applications and Interoperable Systems - 15th {IFIP} {WG}
               6.1 International Conference, {DAIS} 2015, Held as Part of the 10th
               International Federated Conference on Distributed Computing Techniques,
               DisCoTec 2015, Grenoble, France, June 2-4, 2015, Proceedings},
  pages     = {158--172},
  year      = {2015},
  crossref  = {DBLP:conf/dais/2015},
  url       = {http://dx.doi.org/10.1007/978-3-319-19129-4_13},
  doi       = {10.1007/978-3-319-19129-4_13},
  timestamp = {Tue, 05 May 2015 13:49:03 +0200},
  biburl    = {http://dblp.uni-trier.de/rec/bib/conf/dais/NiaziIBD15},
  bibsource = {dblp computer science bibliography, http://dblp.org}
}

@proceedings{DBLP:conf/dais/2015,
  editor    = {Alysson Bessani and
               Sara Bouchenak},
  title     = {Distributed Applications and Interoperable Systems - 15th {IFIP} {WG}
               6.1 International Conference, {DAIS} 2015, Held as Part of the 10th
               International Federated Conference on Distributed Computing Techniques,
               DisCoTec 2015, Grenoble, France, June 2-4, 2015, Proceedings},
  series    = {Lecture Notes in Computer Science},
  volume    = {9038},
  publisher = {Springer},
  year      = {2015},
  url       = {http://dx.doi.org/10.1007/978-3-319-19129-4},
  doi       = {10.1007/978-3-319-19129-4},
  isbn      = {978-3-319-19128-7},
  timestamp = {Tue, 05 May 2015 13:42:30 +0200},
  biburl    = {http://dblp.uni-trier.de/rec/bib/conf/dais/2015},
  bibsource = {dblp computer science bibliography, http://dblp.org}
}

% http://sigops.org/sosp/sosp11/current/2011-Cascais/11-calder-online.pdf
% http://queue.acm.org/detail.cfm?id=1594206
% https://www.usenix.org/publications/login/april-2010-volume-35-number-2/hdfs-scalability-limits-growth